% For fields on different entries see https://en.wikibooks.org/wiki/LaTeX/Bibliography_Management
% Also see https://scholar.google.se/ 'My library' allows to save and import citations to BibTeX format

@misc{econ,
    author    = {XKDC},
    year    = {2015},
    title     = {The Economic Argument},
    howpublished = {Web page},
    note     = {Accessed 2017/01/25},
    url= {https://xkcd.com/808}
}

@misc{mount,
    author    = {Zach Weinersmith},
    year      = {2011},
    title     = {Dunnin Kruger Effect},
    howpublished = {Web page},
    note     = {Accessed 2017/01/25},
    url      = {http://www.smbc-comics.com/?id=2475}
}




























% @misc{econ, 
%     author    = {Aurio Pinto},
%     year    = {2019},
%     title     = {The 5G technology Argument},
%     howpublished = {Web page},
%     note     = {Accessed 2019/06/25},
%     url= {https://auriopinto.github.io/}
% }

% @misc{mount,
%     author    = {Huawei},
%     year      = {2019},
%     title     = {Wireless Systemicect},
%     howpublished = {Web page},
%     note     = {Accessed 2019/06/25},
%     url      = {https://carrier.huawei.com/en/spotlight/5g}
% }
